<?xml version="1.0" encoding="UTF-8"?><collection xmlns="http://www.loc.gov/MARC21/slim"><record><leader>00359nam--2200121-i-4500</leader><controlfield tag="001">000038426</controlfield><controlfield tag="002">20161230</controlfield><controlfield tag="005">20161230201041</controlfield><controlfield tag="008">060222s1000------------r-----000-0-eng-d</controlfield><datafield ind1=" " ind2=" " tag="080"><subfield code="a">621.039.7</subfield></datafield><datafield ind1=" " ind2=" " tag="245"><subfield code="a">Recommendations for waste disposal of phosphorous-32 and iodine-131 for medical users</subfield></datafield><datafield ind1=" " ind2=" " tag="260"><subfield code="a">Washington,U.S.Dept.Of Commerce, 1951. 11 P</subfield></datafield><datafield ind1=" " ind2=" " tag="852"><subfield code="a">10792</subfield></datafield></record></collection>